<?xml version="1.0" encoding="UTF-8"?><collection xmlns="http://www.loc.gov/MARC21/slim"><record><leader>00410nam--2200145-i-4500</leader><controlfield tag="001">000009811</controlfield><controlfield tag="002">20161230</controlfield><controlfield tag="005">20161230201028</controlfield><controlfield tag="008">060222s1000------------r-----000-0-eng-d</controlfield><datafield ind1=" " ind2=" " tag="080"><subfield code="a">621.039.8:621.039</subfield></datafield><datafield ind1=" " ind2=" " tag="245"><subfield code="a">Applications of radioisotopes. nuclear enginee ring part xxii</subfield></datafield><datafield ind1=" " ind2=" " tag="260"><subfield code="a">New York, American Institute Of Chemical Engi Neers, 1970 106 P</subfield></datafield><datafield ind1=" " ind2=" " tag="490"><subfield code="a">106</subfield></datafield><datafield ind1=" " ind2=" " tag="700"><subfield code="a">L.H. Meyer</subfield></datafield><datafield ind1=" " ind2=" " tag="852"><subfield code="a">10950</subfield></datafield></record></collection>